@book{Sal89,
author={Salton, Gerard},
year={1989},
title={Automatic Text Processing},
publisher={Addison-Wesley}
}


@article{Spa72,
author={{Sp\"arck Jones}, Karen},
year={1972},
title={A Statistical Interpretation of Term Specificity and its Application in Retrieval},
journal={Journal of Documentation},
volume={28},
number={1},
pages={11-21}
}


@book{MosWal64,
author={Mosteller, Fredrick and David Wallace},
year={1964},
title={Inference and Disputed Authorship: The Federalist},
publisher={Addison-Wesley},
address={Reading, Massachusetts}
}

@incollection{Kay86,
  AUTHOR = {Kay, Martin},
  TITLE = {Parsing in Functional Unification Grammar},
  YEAR = {1986},
  BOOKTITLE = {Readings in Natural Language Processing},
  EDITOR = {B. J. Grosz and K. {Sp\"arck Jones} and B. L. Webber},
  PUBLISHER = {Morgan Kaufmann Publishers},
  ADDRESS = {Los Altos},
  PAGES = {125-138}
}

@incollection{WikiMisspell,
  AUTHOR = {{Wikipedia contributors}},
  TITLE = {{Wikipedia:Lists} of common misspellings},
  YEAR = {n.d.},
  BOOKTITLE = {Wikipedia, The Free Encyclopedia},
  NOTE = {https://en.wikipedia.org/w/index.php?title=\\Wikipedia:Lists\_of\_common\_misspellings\&\\oldid=813410985}
}

@incollection{BirkbeckMisspell,
  AUTHOR = {Roger Mitton, Oxford Text Archive},
  TITLE = {Birkbeck spelling error corpus},
  YEAR = {1980},
  NOTE = {https://www.dcs.bbk.ac.uk/~ROGER/corpora.html}
}

@incollection{EnglishWords,
  AUTHOR = {dwyl},
  TITLE = {English words},
  YEAR = {n.d.},
  NOTE = {https://github.com/dwyl/english-words}
}
